<?xml version="1.0" encoding="UTF-8"?><collection xmlns="http://www.loc.gov/MARC21/slim"><record><leader>00525nam--2200193-i-4500</leader><controlfield tag="001">000019606</controlfield><controlfield tag="002">20161230</controlfield><controlfield tag="005">20161230201033</controlfield><controlfield tag="008">060222s1000------------r-----000-0-eng-d</controlfield><datafield ind1=" " ind2=" " tag="020"><subfield code="a">0080199194</subfield></datafield><datafield ind1=" " ind2=" " tag="040"><subfield code="a">IFIN-HH</subfield></datafield><datafield ind1=" " ind2=" " tag="080"><subfield code="a">539.143.43:532.783</subfield></datafield><datafield ind1="1" ind2=" " tag="100"><subfield code="a">Emsley, J. W</subfield></datafield><datafield ind1="1" ind2="0" tag="245"><subfield code="a">Nmr spectroscopy using liquid crystal solvents</subfield><subfield code="c">J.w. emsley, j.c. lindon</subfield></datafield><datafield ind1=" " ind2=" " tag="260"><subfield code="a">Oxford</subfield><subfield code="b">Pergamon Press</subfield><subfield code="c">1975</subfield></datafield><datafield ind1=" " ind2=" " tag="300"><subfield code="a">XV + 367 P</subfield></datafield><datafield ind1="1" ind2=" " tag="700"><subfield code="a">Lindon, J.C</subfield></datafield><datafield ind1=" " ind2=" " tag="852"><subfield code="a">43206</subfield><subfield code="c">539.143.43</subfield></datafield><datafield ind1=" " ind2=" " tag="CAT"><subfield code="a">Sys</subfield><subfield code="c">20120509</subfield><subfield code="h">155732</subfield></datafield></record></collection>